@mastersthesis{batista2014metodos,
	author       = {William Canellas Batista}, 
	title        = {M{\'e}todos iterativos na resolu{\c{c}}{\~a}o de equa{\c{c}}{\~o}es},
	school       = {Instituto de Matem{\'a}tica Pura e Aplicada},
	year         = 2014,
	address      = {Rio de Janeiro}
}

@Book{claudio2000calculo,
  title={C{\'a}lculo Num{\'e}rico Computacional (teoria e pr{\'a}tica): algoritmos em pseudo-linguagem},
  author={Cl{\'a}udio, Dalcidio Moraes},
  publisher={Atlas},
  address={S{\~a}o Paulo},
  year={2000}
}

