@Book{knuth:84,
  author = 	 {Donald E. Knuth},
  title = 	 {The {\TeX} Book},
  publisher = 	 {Addison-Wesley},
  year = 	 {1984},
  edition = 	 {15th}
}

@InCollection{boulic:91,
  author = 	 {R. Boulic and O. Renault},
  title = 	 {3D Hierarchies for Animation},
  booktitle = 	 {New Trends in Animation and Visualization},
  publisher =    {John Wiley {\&} Sons ltd.},
  year = 	 {1991},
  editor = 	 {Nadia Magnenat-Thalmann and Daniel Thalmann}
}

@InCollection{smith:99,
  author = 	 {A. Smith and B. Jones},
  title = 	 {On the Complexity of Computing},
  booktitle = 	 {Advances in Computer Science},
  pages = 	 {555--566},
  publisher =    {Publishing Press},
  year = 	 {1999},
  editor = 	 {A. B. Smith-Jones}
}

@article{batista2014metodos,
  title={M{\'e}todos iterativos na resolu{\c{c}}{\~a}o de equa{\c{c}}{\~o}es},
  author={Batista, William Canellas},
  year={2014}
}

@Book{claudio2000calculo,
  title={C{\'a}lculo Num{\'e}rico Computacional (teoria e pr{\'a}tica): algoritmos em pseudo-linguagem},
  author={Cl{\'a}udio, Dalcidio Moraes},
  journal={S{\~a}o Paulo: Atlas},
  year={2000}
}

